<?xml version="1.0" encoding="UTF-8"?><record xmlns="http://www.loc.gov/MARC21/slim" xmlns:cinclude="http://apache.org/cocoon/include/1.0" xmlns:zs="http://www.loc.gov/zing/srw/">
  <leader>00591cz  a2200181n  4500</leader>
  <controlfield tag="001">n  94068635 </controlfield>
  <controlfield tag="003">DLC</controlfield>
  <controlfield tag="005">20100517081012.0</controlfield>
  <controlfield tag="008">940718n| acannaabn          |n ana      </controlfield>
  <datafield tag="010" ind1=" " ind2=" ">
    <subfield code="a">n  94068635 </subfield>
  </datafield>
  <datafield tag="034" ind1=" " ind2=" ">
    <subfield code="d">E0001700</subfield>
    <subfield code="e">E0001700</subfield>
    <subfield code="f">N0105400</subfield>
    <subfield code="g">N0105400</subfield>
    <subfield code="2">other</subfield>
  </datafield>
  <datafield tag="035" ind1=" " ind2=" ">
    <subfield code="a">(OCoLC)oca03645177</subfield>
  </datafield>
  <datafield tag="040" ind1=" " ind2=" ">
    <subfield code="a">DLC</subfield>
    <subfield code="b">eng</subfield>
    <subfield code="c">DLC</subfield>
    <subfield code="d">OCoLC</subfield>
  </datafield>
  <datafield tag="043" ind1=" " ind2=" ">
    <subfield code="a">f-tg---</subfield>
  </datafield>
  <datafield tag="151" ind1=" " ind2=" ">
    <subfield code="a">Kantindi (Togo)</subfield>
  </datafield>
  <datafield tag="670" ind1=" " ind2=" ">
    <subfield code="a">Haan, L. de. La région des Savanes au Togo, c1993:</subfield>
    <subfield code="b">p. 7, etc. (Kantindi, in extreme north of Togo)</subfield>
  </datafield>
  <datafield tag="670" ind1=" " ind2=" ">
    <subfield code="a">BGN gaz. Togo, 1966</subfield>
    <subfield code="b">(Kantindi, ppl, 10°54ʹN, 0°17ʹE)</subfield>
  </datafield>
  <datafield tag="781" ind1=" " ind2="0">
    <subfield code="z">Togo</subfield>
    <subfield code="z">Kantindi</subfield>
  </datafield>
</record>